@TECHREPORT{Burrows94ablock-sorting,
    author = {M. Burrows and D. J. Wheeler and M. Burrows and D. J. Wheeler},
    title = {A block-sorting lossless data compression algorithm},
    institution = {},
    year = {1994}
}
 
@TECHREPORT{genome_sequence_0, 
	author = {Jay Shendure and Hanlee Ji},
	title = {Next-generation DNA sequencing},
	institution = {Nature Biotechnology},
	year = {2008} 
}

@TECHREPORT{genome_sequence_1,
    author = {Wang, J. et al.},
    title = {The diploid genome sequence of an Asian individual},
    institution = {Nature},
    year = {2008}
}

@TECHREPORT{genome_sequence_2, 
	author = {Campbell, P.J. et al.}, 
	title = {Identification of somatically acquired rearrangements in cancer using
			genome-wide massively parallel paired-end sequencing}, 
	institution = {Nat. Genet.},
	year = {2008} 
}

@TECHREPORT{genome_sequence_3, 
	author = {Wheeler, D.A. et al.}, 
	title = {The complete genome of an individual by massively parallel DNA sequencing},
	institution = {Nature},
	year = {2008} 
}

@TECHREPORT{genome_sequence_4, 
	author = {Chiang, D.Y. et al.}, 
	title = {High-resolution mapping of copy-number alterations with massively parallel sequencing},
	institution = {Nature Methods},
	year = {2009} 
}

@TECHREPORT{roche454, 
	author = {Marcel Margulies, Michael Egholm, William E. Altman1, Said Attiya1, Joel S. Bader et al.},
	title = {Genome sequencing in microfabricated high-density picolitre reactors},
	institution = {Nature},
	year = {2005} 
}

@TECHREPORT{illumina, 
	author = {David R Bentle},
	title = {Whole-genome re-sequencing},
	institution = {Current Opinion in Genetics \& Development},
	year = {2006} 
}

@misc{solid,
 author = "{Applied Biosystems}",
 title = "{The Applied Biosystems SOLiD System}",
 howpublished = {\url{http://http://marketing.appliedbiosystems.com/images/Product/Solid_Knowledge/flash/102207/solid.html/}}
}


@TECHREPORT{tools, 
	author = {Ruffalo et al.},
	title = {Comparative analysis of algorithms for next-generation sequencing read alignment},
	institution = {Bioinformatics},
	year = {2011} 
}

@TECHREPORT{mrFast,
	author = {Alkan et al.},
	title = {mrsFAST: a cache-oblivious algorithm for short-read mapping},
	institution = {Natura Methods},
	year = {2010}
}

@ARTICLE{Ferragina07compressedrepresentations,
    author = {Paolo Ferragina and Giovanni Manzini and Veli MÃ¤kinen and Gonzalo Navarro},
    title = {Compressed representations of sequences and full-text indexes},
    journal = {ACM Transactions on Algorithms},
    year = {2007},
    volume = {3},
    pages = {2007}
}

@ARTICLE{bwa,
    author = {Li H. and Durbin R.},
    title = {Fast and accurate short read alignment with Burrows-Wheeler Transform},
    journal = {Bioinformatics},
    year = {2009},
}

@ARTICLE{soap2,
    author = {Li et al.},
    title = {SOAP2: an improved ultrafast tool for short read alignment},
    journal = {Bioinformatics},
    year = {2009},
}

@ARTICLE{shrimp,
    author = {Rumble et al.},
    title = {SHRiMP: Accurate Mapping of Short Color-space Reads},
    journal = {PLoS},
    year = {2009},
}
